<?xml version="1.0" encoding="UTF-8"?>
<record xmlns="http://www.loc.gov/MARC21/slim" xmlns:xsi="http://www.w3.org/2001/XMLSchema-instance" xsi:schemaLocation="http://www.loc.gov/MARC21/slim http://www.loc.gov/standards/marcxml/schema/MARC21slim.xsd">
<leader>     cam a22004697a 4500</leader>
<controlfield tag="001">001677124</controlfield>
<controlfield tag="003">NNU</controlfield>
<controlfield tag="005">19981203113125.5</controlfield>
<controlfield tag="008">890508s1969    ir acf   b    001 0 ara</controlfield>
<datafield tag="010" ind1=" " ind2=" ">
<subfield code="a">71268618</subfield>
</datafield>
<datafield tag="035" ind1="9" ind2=" ">
<subfield code="a">NYUb12220499</subfield>
</datafield>
<datafield tag="035" ind1=" " ind2=" ">
<subfield code="a">(MH)MHBFR46328HU</subfield>
</datafield>
<datafield tag="035" ind1=" " ind2=" ">
<subfield code="a">(OCoLC)23492118</subfield>
</datafield>
<datafield tag="035" ind1=" " ind2=" ">
<subfield code="a">(CStRLIN)MAHGBFR46328-B</subfield>
</datafield>
<datafield tag="040" ind1=" " ind2=" ">
<subfield code="a">DLC</subfield>
<subfield code="c">MiU</subfield>
<subfield code="d">MH</subfield>
<subfield code="d">CStRLIN</subfield>
</datafield>
<datafield tag="041" ind1="0" ind2=" ">
<subfield code="a">ara</subfield>
<subfield code="b">engper</subfield>
</datafield>
<datafield tag="050" ind1=" " ind2="4">
<subfield code="a">B753</subfield>
<subfield code="b">.S2 1969</subfield>
</datafield>
<datafield tag="100" ind1="1" ind2=" ">
<subfield code="a">Sabzavārī, Hādī ibn Mahdī,</subfield>
<subfield code="d">b. 1797 or 8.</subfield>
</datafield>
<datafield tag="245" ind1="1" ind2="0">
<subfield code="a">Sharḥ-i Ghurar al-farāʼid maʻrūf bih-Sharḥ-i Manẓūmah-ʼi Ḥikmat, qismat-i umūr-i ʻāmmah va jawhar-i ʻarūz̤ /</subfield>
<subfield code="c">Hādī Sabzavārī ; bi-taṣḥīḥ va muqaddimah va taʻlīqāt-i Mahdī Muḥaqqiq va Tūshī Hīkū Īzūtsū.</subfield>
</datafield>
<datafield tag="246" ind1="3" ind2=" ">
<subfield code="a">Sharḥ-i Manẓūmah-ʼi ḥikmat</subfield>
</datafield>
<datafield tag="246" ind1="3" ind2=" ">
<subfield code="a">Sharḥ Ghurar al-farāʼid</subfield>
</datafield>
<datafield tag="246" ind1="3" ind2=" ">
<subfield code="a">Ghurar al-farāʼid</subfield>
</datafield>
<datafield tag="246" ind1="3" ind2=" ">
<subfield code="a">Sharḥ Manẓūmat ḥikmat</subfield>
</datafield>
<datafield tag="260" ind1=" " ind2=" ">
<subfield code="a">Tihrān :</subfield>
<subfield code="b">Dānishgāh-i MakGīll, Mūntriʼāl, Muʼassasah-ʼi Muṭāliʻāt-i Islāmī, Shuʻbah-ʼi Tihrān,</subfield>
<subfield code="c">1969. --</subfield>
</datafield>
<datafield tag="300" ind1=" " ind2=" ">
<subfield code="a">46, 679, 152 p., [2] p. of plates :</subfield>
<subfield code="b">1 ill., port. ;</subfield>
<subfield code="c">25 cm.</subfield>
</datafield>
<datafield tag="490" ind1="1" ind2=" ">
<subfield code="a">Silsilah-ʼi dānish-i Īrānī ;</subfield>
<subfield code="v">1=</subfield>
<subfield code="a">Wisdom of Persia ;</subfield>
<subfield code="v">1</subfield>
</datafield>
<datafield tag="500" ind1=" " ind2=" ">
<subfield code="a">Title on added t.p.: Sharh-i Ghurar al-faraʼid; or, Sharh-i Manzumah; pt. 1: metaphysics/H.M.H. Sabzawari.</subfield>
</datafield>
<datafield tag="500" ind1=" " ind2=" ">
<subfield code="a">"Yādbūd-i yakṣadumīn sāl-i darguz̤asht-i Sabzavārī."</subfield>
</datafield>
<datafield tag="500" ind1=" " ind2=" ">
<subfield code="a">Text in Arabic; introductory matter in English and Persian.</subfield>
</datafield>
<datafield tag="500" ind1=" " ind2=" ">
<subfield code="a">Comprises maqṣad 1-2 of the author's Ghurar al-farāʼid.</subfield>
</datafield>
<datafield tag="504" ind1=" " ind2=" ">
<subfield code="a">Includes bibliogoraphical references and indexes.</subfield>
</datafield>
<datafield tag="505" ind1="0" ind2=" ">
<subfield code="a">Ghurar al-faraʼid -- Sharḥ-i Ghurar al-farāʼid -- Ḥavāshī va-taʻlīqāt-i Sabzavārī, Hīdajī, Āmulī -- Farhang-i iṣṭilāhāt va taʻbīrāt.</subfield>
</datafield>
<datafield tag="650" ind1=" " ind2="0">
<subfield code="a">Islamic philosophy.</subfield>
</datafield>
<datafield tag="700" ind1="1" ind2="2">
<subfield code="a">Sabzavārī, Hādī ibn Mahdī,</subfield>
<subfield code="d">b. 1797 or 8.</subfield>
<subfield code="t">Ghurar al-farāʼid.</subfield>
<subfield code="f">1969.</subfield>
</datafield>
<datafield tag="700" ind1="1" ind2=" ">
<subfield code="a">Hīdajī Zanjāni, Muḥammad ibn Maʻṣūm-ʻAlī.</subfield>
</datafield>
<datafield tag="700" ind1="1" ind2=" ">
<subfield code="a">ʻĀmulī Tihranī, Muḥammad Taqī.</subfield>
</datafield>
<datafield tag="700" ind1="1" ind2=" ">
<subfield code="a">Muḥaqqiq, Mahdī.</subfield>
</datafield>
<datafield tag="700" ind1="1" ind2=" ">
<subfield code="a">Izutsu, Toshihiko,</subfield>
<subfield code="d">1914-</subfield>
</datafield>
<datafield tag="740" ind1="0" ind2=" ">
<subfield code="a">Sharh-i Ghurar al-faraʼid, or Sharh-i Manzumah. part 1: metaphysics.</subfield>
</datafield>
<datafield tag="830" ind1=" " ind2="0">
<subfield code="a">Silsilah-ʼi dānish-i Īrānī ;</subfield>
<subfield code="v">1.</subfield>
</datafield>
<datafield tag="OWN" ind1=" " ind2=" ">
<subfield code="a">GENERAL</subfield>
</datafield>
<datafield tag="950" ind1=" " ind2=" ">
<subfield code="l">BMAIN</subfield>
<subfield code="a">B753</subfield>
<subfield code="b">.S2 1969</subfield>
</datafield>
<datafield tag="955" ind1=" " ind2=" ">
<subfield code="l">BMAIN</subfield>
<subfield code="c">1</subfield>
<subfield code="r">003912139</subfield>
</datafield>
<datafield tag="998" ind1=" " ind2=" ">
<subfield code="s">9555</subfield>
</datafield>
<datafield tag="AVA" ind1=" " ind2=" ">
<subfield code="a">NYU50</subfield>
<subfield code="b">BOBST</subfield>
<subfield code="c">Main Collection</subfield>
<subfield code="d">B753 .S2 1969</subfield>
<subfield code="e">unavailable</subfield>
<subfield code="t">Unavailable</subfield>
<subfield code="f">1</subfield>
<subfield code="g">1</subfield>
<subfield code="h">N</subfield>
<subfield code="i">0</subfield>
<subfield code="j">MAIN</subfield>
<subfield code="k">0</subfield>
</datafield>
</record>
